
@inproceedings{scaramuzzaToolboxEasilyCalibrating2006,
  title = {A Toolbox for Easily Calibrating Omnidirectional Cameras},
  booktitle = {Intelligent {{Robots}} and {{Systems}}, 2006 {{IEEE}}/{{RSJ International Conference}} On},
  publisher = {{IEEE}},
  date = {2006},
  pages = {5695--5701},
  author = {Scaramuzza, Davide and Martinelli, Agostino and Siegwart, Roland}
}

@inproceedings{scaramuzzaFlexibleTechniqueAccurate2006,
  title = {A Flexible Technique for Accurate Omnidirectional Camera Calibration and Structure from Motion},
  booktitle = {Computer {{Vision Systems}}, 2006 {{ICVS}}'06. {{IEEE International Conference}} On},
  publisher = {{IEEE}},
  date = {2006},
  pages = {45--45},
  author = {Scaramuzza, Davide and Martinelli, Agostino and Siegwart, Roland}
}

@online{OCamCalibOmnidirectionalCamera,
  title = {{{OCamCalib}}: {{Omnidirectional Camera Calibration Toolbox}} for {{Matlab}} - {{Davide Scaramuzza}}},
  url = {https://sites.google.com/site/scarabotix/ocamcalib-toolbox},
  shorttitle = {{{OCamCalib}}},
  abstract = {Davide Scaramuzza is Professor of Robotics at the University of Zurich. He is the founder and director of the Robotics and Perception Group. His main research interest is low-latency computer vision applied to the autonomous navigation of visually-guided ground and flying robots. Before, he was postdoctoral researcher at the University of Pennsylvania and ETH Zurich. He received his PhD in 2008 from ETH Zurich. He is the recipient of an ERC Starting Grant (2014), the IEEE Robotics and Automation Early Career Award (2014), a Google Reseaech Award (2014), the European Young Reseracher Award (2012), and the Robotdalen Scientific Award (2009). He is also coauthor of the book Autonomous Mobile Robots edited by MIT Press and author of the Omnidirectional Camera Calibration Toolbox for Matlab .},
  urldate = {2018-08-21},
  file = {/home/daniel/Zotero/storage/6FHF66P4/ocamcalib-toolbox.html}
}

@thesis{scaramuzzaOmnidirectionalVisionCalibration2007,
  title = {Omnidirectional {{Vision}}: {{From}} Calibration to Root Motion Estimation},
  institution = {{ETH Zurich}},
  type = {PhD Thesis},
  date = {2007},
  author = {Scaramuzza, Davide}
}

@inproceedings{rufliAutomaticDetectionCheckerboards2008,
  title = {Automatic Detection of Checkerboards on Blurred and Distorted Images},
  booktitle = {Intelligent {{Robots}} and {{Systems}}, 2008. {{IROS}} 2008. {{IEEE}}/{{RSJ International Conference}} On},
  publisher = {{IEEE}},
  date = {2008},
  pages = {3121--3126},
  author = {Rufli, Martin and Scaramuzza, Davide and Siegwart, Roland}
}

@inproceedings{robots,
  title = {Two {{Autonomous Robots}} for the {{DLR SpaceBot Cup}} - {{Lessons Learned}} from 60 {{Minutes}} on the {{Moon}}},
  booktitle = {Proceedings of {{ISR}} 2016: 47st {{International Symposium}} on {{Robotics}}},
  date = {2016-06},
  pages = {1-8},
  author = {Lange, S. and Wunschel, D. and Schubert, S. and Pfeifer, T. and Weissig, P. and Uhlig, A. and Truschzinski, M. and Protzel, P.}
}

@collection{bajdRobotics2010,
  langid = {english},
  location = {{Dordrecht ; New York}},
  title = {Robotics},
  isbn = {978-90-481-3775-6 978-90-481-3776-3},
  pagetotal = {152},
  number = {v. 43},
  series = {Intelligent systems, control, and automation : science and engineering},
  publisher = {{Springer}},
  date = {2010},
  keywords = {Robotics},
  editor = {Bajd, Tadej},
  file = {/home/daniel/Zotero/storage/GQRZTL7M/Bajd - 2010 - Robotics.pdf},
  note = {OCLC: ocn462920801}
}

@article{fischler1981random,
  title = {Random Sample Consensus: A Paradigm for Model Fitting with Applications to Image Analysis and Automated Cartography},
  volume = {24},
  number = {6},
  journaltitle = {Communications of the ACM},
  date = {1981},
  pages = {381-395},
  author = {Fischler, Martin A and Bolles, Robert C},
  publisher = {{ACM}}
}

@book{jaehneDigitaleBildverarbeitungMit2005,
  langid = {german},
  location = {{Berlin}},
  title = {Digitale Bildverarbeitung: mit 155 Übungsaufgaben},
  edition = {6., überarb. und erw. Aufl},
  isbn = {978-3-540-24999-3},
  shorttitle = {Digitale Bildverarbeitung},
  abstract = {Selbst komplexe Bildverarbeitungsaufgaben sind heute auf gängigen PCs und Workstations lösbar und damit jedem Studenten, Wissenschaftler und Ingenieur zugänglich. Dieses Standardwerk hat Anwendern bereits in fünf Auflagen erfolgreich das Know-how der digitalen Bildverarbeitung vermittelt - von den Grundlagen bis zu den modernen Konzepten. In der sechsten Auflage wurde zum einen wegen der wachsenden Fülle des Stoffes eine klare Strukturierung in grundlegendes und vertiefendes Material vorgenommen. Die zweite wesentliche Neuerung sind Übungsaufgaben am Ende jeden Kapitels. Wesentliche Teile der Übungen sind interaktive Computerübungen, die mit der auf CD-ROM beiliegenden Demosoftware bearbeitet werden können. Dazu gibt es eine reichhaltige Sammlung von Bildern, Bildsequenzen und Volumenbildern. Jedes Kapitel wird durch einen Abschnitt abgeschlossen, der auf weiterführende Literatur hinweist. Der vollständige Text des Buches ist in deutscher und englischer Sprache als verlinkte PDF-Datei auf der CD-ROM zu finden. TOC:I GrundlagenAnwendungen und Werkzeuge.- Bildrepräsentation.- Statistik.- Nachbarschaftsoperatoren.- Multiskalenrepräsentation.- II Bildaufnahme und VorverarbeitungQuantitative Visualisierung.- Bildaufnahme.- 3D-Bildaufnahme.- Digitalisierung, Abtastung, Quantisierung.- Pixelverarbeitung.III MerkmalsextraktionMittelung.- Kanten.- Einfache Nachbarschaften.- Bewegung.- Textur.- Segmentierung.- Regularisierung und Modellierung.- Morphologie.- Formrepräsentation und -analyse.- Klassifizierung},
  pagetotal = {642},
  publisher = {{Springer}},
  date = {2005},
  author = {Jähne, Bernd},
  file = {/home/daniel/Zotero/storage/2JNGVAJL/Jähne - 2005 - Digitale Bildverarbeitung mit 155 Übungsaufgaben.pdf},
  note = {OCLC: 76657118}
}

@book{marchthalerKalmanFilterEinfuehrungZustandsschaetzung2017,
  langid = {german},
  location = {{Wiesbaden}},
  title = {Kalman-Filter: Einführung in die Zustandsschätzung und ihre Anwendung für eingebettete Systeme},
  isbn = {978-3-658-16727-1 978-3-658-16728-8},
  shorttitle = {Kalman-Filter},
  pagetotal = {206},
  series = {Lehrbuch},
  publisher = {{Springer Vieweg}},
  date = {2017},
  author = {Marchthaler, Reiner and Dingler, Sebastian},
  file = {/home/daniel/Zotero/storage/AZMAS2XP/Marchthaler und Dingler - 2017 - Kalman-Filter Einführung in die Zustandsschätzung.pdf},
  note = {OCLC: 971203245}
}

@article{kalmanNewApproachLinear1960,
  title = {A New Approach to Linear Filtering and Prediction Problems},
  volume = {82},
  number = {1},
  journaltitle = {Journal of basic Engineering},
  date = {1960},
  pages = {35--45},
  author = {Kalman, Rudolph Emil}
}

@article{papulaMathematikFuerIngenieure,
  langid = {german},
  title = {Mathematik für Ingenieure und Naturwissenschaftler Band 2},
  pages = {815},
  author = {Papula, Lothar},
  file = {/home/daniel/Zotero/storage/3N7JBXHY/Papula - Mathematik für Ingenieure und Naturwissenschaftler.pdf}
}

@thesis{petersfalkoFPGAbasierteBildverarbeitungspipelineZur2009,
  langid = {Deutsch},
  location = {{Hamburg}},
  title = {FPGA-basierte Bildverarbeitungspipeline zur Fahrspurerkennung eines autonomen Fahrzeugs},
  url = {http://edoc.sub.uni-hamburg.de/haw/volltexte/2009/833/pdf/ba_peters.pdf},
  pagetotal = {57},
  institution = {{Hochschule für Angewandte Wissenschaften Hamburg}},
  type = {Bachelorarbeit},
  urldate = {2018-09-05},
  date = {2009-04-30},
  author = {{Peters, Falko}},
  file = {/home/daniel/Zotero/storage/Y23NFCSQ/Peters, Falko - 2009 - FPGA-basierte Bildverarbeitungspipeline zur Fahrsp.pdf}
}

@article{risackRobustLaneRecognition,
  langid = {english},
  title = {Robust Lane Recognition Embedded in a Real\{time Driver Assistance System\vphantom\}},
  pages = {6},
  author = {Risack, R and Klausmann, P and Kruger, W and Enkelmann, W},
  file = {/home/daniel/Zotero/storage/5RXXXEGX/Risack et al. - Robust lane recognition embedded in a real time dr.pdf}
}

@article{limRiverFlowLane2012,
  langid = {english},
  title = {River {{Flow Lane Detection}} and {{Kalman Filtering}}-{{Based B}}-{{Spline Lane Tracking}}},
  volume = {2012},
  issn = {1687-5702, 1687-5710},
  url = {https://www.hindawi.com/archive/2012/465819/},
  doi = {10.1155/2012/465819},
  journaltitle = {International Journal of Vehicular Technology},
  urldate = {2018-09-06},
  date = {2012},
  pages = {1-10},
  author = {Lim, King Hann and Seng, Kah Phooi and Ang, Li-Minn},
  file = {/home/daniel/Zotero/storage/VDGPMAIZ/Lim et al. - 2012 - River Flow Lane Detection and Kalman Filtering-Bas.pdf}
}

@article{alyRealTimeDetection2008,
  archivePrefix = {arXiv},
  eprinttype = {arxiv},
  eprint = {1411.7113},
  langid = {english},
  title = {Real Time {{Detection}} of {{Lane Markers}} in {{Urban Streets}}},
  url = {http://arxiv.org/abs/1411.7113},
  doi = {10.1109/IVS.2008.4621152},
  abstract = {We present a robust and real time approach to lane marker detection in urban streets. It is based on generating a top view of the road, ﬁltering using selective oriented Gaussian ﬁlters, using RANSAC line ﬁtting to give initial guesses to a new and fast RANSAC algorithm for ﬁtting Bezier Splines, which is then followed by a post-processing step. Our algorithm can detect all lanes in still images of the street in various conditions, while operating at a rate of 50 Hz and achieving comparable results to previous techniques.},
  journaltitle = {2008 IEEE Intelligent Vehicles Symposium},
  urldate = {2018-09-06},
  date = {2008-06},
  pages = {7-12},
  keywords = {Computer Science - Computer Vision and Pattern Recognition,Computer Science - Robotics},
  author = {Aly, Mohamed},
  file = {/home/daniel/Zotero/storage/M8C999W9/Aly - 2008 - Real time Detection of Lane Markers in Urban Stree.pdf}
}


