@INPROCEEDINGS{robots,
author={S. Lange and D. Wunschel and S. Schubert and T. Pfeifer and P. Weissig and A. Uhlig and M. Truschzinski and P. Protzel},
booktitle={Proceedings of ISR 2016: 47st International Symposium on Robotics},
title={Two Autonomous Robots for the DLR SpaceBot Cup - Lessons Learned from 60 Minutes on the Moon},
year={2016},
pages={1-8},
month={June},}
